@article{Viola01rapidobject,
  title={Rapid object detection using a boosted cascade of simple features},
  author={Viola, Paul and Jones, Michael},
  journal={Computer Vision and Pattern Recognition, 2001. CVPR 2001. Proceedings of the 2001 IEEE Computer Society Conference on},
  volume={1},
  pages={I--I},
  year={2001},
  organization={IEEE}
}
